@misc{msdn:queue,
    title = {{Microsoft Windows MSDN} - cola},
    howpublished = {\url{https://docs.microsoft.com/es-es/dotnet/api/system.collections.queue?view=netframework-4.8}}
}

@misc{msdn:stack,
    title = {{Microsoft Windows MSDN} - pila},
    howpublished = {\url{https://docs.microsoft.com/es-es/dotnet/api/system.collections.stack?view=netframework-4.8}}
}

@misc{msdn:lista,
	title = {{Microsoft Windows MSDN} - lista},
	howpublished = {\url{https://docs.microsoft.com/es-es/dotnet/api/system.collections.generic.list-1?view=netframework-4.8}}
}

@misc{msdn:diccionario,
	title = {{Microsoft Windows MSDN} - diccionario},
	howpublished = {\url{https://docs.microsoft.com/es-es/dotnet/api/system.collections.generic.dictionary-2?view=netframework-4.8}}
}

@misc{msdn:array,
    title = {{Microsoft Windows MSDN} - matriz},
    howpublished = {\url{https://docs.microsoft.com/es-es/dotnet/csharp/programming-guide/arrays/}}
}

@misc{msdn:matrizunidimensional,
    title = {{Microsoft Windows MSDN} - matriz unidimensional},
    howpublished = {\url{https://docs.microsoft.com/es-es/dotnet/csharp/programming-guide/arrays/single-dimensional-arrays}}
}

@misc{msdn:matrizmultidimensional,
    title = {{Microsoft Windows MSDN} - matriz multidimensional},
    howpublished = {\url{https://docs.microsoft.com/es-es/dotnet/csharp/programming-guide/arrays/multidimensional-arrays}}
}

@misc{msdn:matrizescalonada,
	title = {{Microsoft Windows MSDN} - matriz escalonada},
	howpublished = {\url{https://docs.microsoft.com/es-es/dotnet/csharp/programming-guide/arrays/jagged-arrays}}
}

@misc{msdn:stream,
	title = {{Microsoft Windows MSDN} - stream},
	howpublished = {\url{https://docs.microsoft.com/es-es/dotnet/api/system.io.stream?view=netframework-4.8}}
}

@misc{msdn:streamreader,
	title = {{Microsoft Windows MSDN} - stream reader},
	howpublished = {\url{https://docs.microsoft.com/es-es/dotnet/api/system.io.streamwriter?view=netframework-4.8}}
}

@misc{msdn:streamwriter,
	title = {{Microsoft Windows MSDN} - stream writer},
	howpublished = {\url{https://docs.microsoft.com/es-es/dotnet/api/system.io.streamreader?view=netframework-4.8}}
}

@misc{msdn:binaryreader,
	title = {{Microsoft Windows MSDN} - binary reader},
	howpublished = {\url{https://docs.microsoft.com/es-es/dotnet/api/system.io.binaryreader?view=netframework-4.8}}
}

@misc{msdn:binarywriter,
	title = {{Microsoft Windows MSDN} - binary writer},
	howpublished = {\url{https://docs.microsoft.com/es-es/dotnet/api/system.io.binarywriter?view=netframework-4.8}}
}

@misc{msdn:directorio,
	title = {{Microsoft Windows MSDN} - directorio},
	howpublished = {\url{https://docs.microsoft.com/es-es/dotnet/api/system.io.directory?view=netframework-4.8}}
}

@misc{msdn:fichero,
	title = {{Microsoft Windows MSDN} - fichero},
	howpublished = {\url{https://docs.microsoft.com/es-es/dotnet/api/system.io.file?view=netframework-4.8}}
}

@misc{msdn:indizador,
	title = {{Microsoft Windows MSDN} - indizador},
	howpublished = {\url{https://docs.microsoft.com/es-es/dotnet/csharp/programming-guide/indexers/}}
}

@misc{msdn:evento,
	title = {{Microsoft Windows MSDN} - evento},
	howpublished = {\url{https://docs.microsoft.com/es-es/dotnet/csharp/language-reference/keywords/event}}
}